@MANUAL{michelsonmanual,
  title={Optical Interferometry},
  author={MIT Department of Physics},
  month={August},
  year={2013}}

@ARTICLE{michelson,
  title={On the Relative Motion of the Earth and the Luminiferous Ether},
  author={A.A. Michelson and E.W. Morley},
  year={1887},
  journal={American Journal of Science},
  volume={34},
  number={344}}
