@MISC{emanual,
  title={Relativistic Dynamics},
  organization={MIT Department of Physics},
  month={August},
  year={2013},
  url={http://web.mit.edu/8.13/www/JLExperiments/JLExp09.pdf}}

@ARTICLE{diff,
  title={On the Multivariate Asymptotic Distribution of Sequential Chi-Square Statistics},
  author={James Steiger},
  year={1985},
  journal={Psychometrika},
  volume={50},
  number={3}}

@ARTICLE{sys,
  title={Systematic Errors},
  author={Joel Heinrich, Louis Lyons},
  year={2007},
  journal={Annual Reivew of Nuclear and Particle Science},
  volume={57}
  }
@ARTICLE{einstein,
  title={Zur Elektrodynamik bewegter K{\"o}rper},
  author={Albert Einstein},
  year={1905},
  journal={Annalen der Physik},
  volume={322}
  number={10}
  }
