@MISC{sean,
  title={{Verification of the Alpha Energy of Junior Lab Am-241 Source}},
  author={Sean Robinson},
  year={2004}
}

@ARTICLE{electron,
  title={Cathode Rays},
  author={J.J. Thomson},
  year={1897},
  journal={Philosophical Magazine},
  volume={44},
  number={269}}

@ARTICLE{landau,
  title={Passage of Particles Through Matte},
  author={C. Patrignani et al. (Particle Data Group)},
  year={2016},
  journal={Chin. Phys. C},
  volume={40},
  number={100001}
  }
@ARTICLE{scatter,
  title={Screend Rutherford multiple scattering estimates for heavy ion backscattering applications},
  author={D.K. Brice},
  year={1992},
  journal={Nuclear Instruments and Methods in Physics Research},
  volume={69}
  number={2}
  }

@MISC{jlab,
  title={Rutherford Scattering},
  author={{MIT Department of Physics}},
  year={2014},
  url={http://web.mit.edu/8.13/www/JLExperiments/JLExp15.pdf}
}

@MISC{nist,
  title={Stopping Power and Range Tables for Alpha Particles},
  url={http://physics.nist.gov/cgi-bin/Star/ap_table.pl},
  year={2017}
}
